
@misc{the_growth_lab_at_harvard_university_international_2019,
  title = {International {{Trade Data}} ({{HS}}, 92)},
  author = {{The Growth Lab at Harvard University}},
  year = {2019},
  publisher = {{Harvard Dataverse}},
  doi = {10.7910/DVN/T4CHWJ}
}

@misc{the_growth_lab_at_harvard_university_international_2019-1,
  title = {International {{Trade Data}} ({{SITC}}, {{Rev}}. 2)},
  author = {{The Growth Lab at Harvard University}},
  year = {2019},
  publisher = {{Harvard Dataverse}},
  doi = {10.7910/DVN/H8SFD2}
}


